@online{ai-wikipedia,
  author={Wikipedia},
  title={Künstliche Intelligenz},
  url={https://de.wikipedia.org/wiki/K%C3%BCnstliche_Intelligenz},
  urldate={2023-04-20},
  year={2023}
}

@online{Bundesministerium-für-Bildung-Wissenschaft-Forschung,
  author={Bundesministerium für Bildung, Wissenschaft und Forschung},
  title={Künstliche Intelligenz – Chance für Österreichs Schulen},
  url={https://www.bmbwf.gv.at/Themen/schule/zrp/ki.html},,
  urldate={31-05-31},
  year={2024},
}
@online{Produktion-Technik-und-Wirtschaft-für-die-deutsche-industrie,
  title={Künstliche Intelligenz - verständlich erklärt},
  author={Julia Dusold},
  url={https://www.produktion.de/technik/zukunftstechnologien/kuenstliche-intelligenz/kuenstliche-intelligenz-verstaendlich-erklaert-243.html},,
  urldate={31-05-31},
  year={2024},
}
@online{bundeszentrale-für-politische-bildung,
  author={Bernd-Carsten-Stahl},
  title={Grauzonen zwischen Null und Eins},
  url={https://www.bpb.de/shop/zeitschriften/apuz/kuenstliche-intelligenz-2023/541496/grauzonen-zwischen-null-und-eins/},
  urldate={2023-04-20},
  year={2023}
}